<?xml version="1.0" encoding="UTF-8"?><collection xmlns="http://www.loc.gov/MARC21/slim"><record><leader>00421nam--2200133-i-4500</leader><controlfield tag="001">000022614</controlfield><controlfield tag="002">20161230</controlfield><controlfield tag="005">20161230201034</controlfield><controlfield tag="008">060222s1000------------r-----000-0-eng-d</controlfield><datafield ind1=" " ind2=" " tag="080"><subfield code="a">543.51</subfield></datafield><datafield ind1=" " ind2=" " tag="100"><subfield code="a">Jacobs, Georg</subfield></datafield><datafield ind1=" " ind2=" " tag="245"><subfield code="a">Einige reaktionen positiver ionen mit molekeln und ein neuer typ sekundarer negativer ionen im massenspektrometer</subfield></datafield><datafield ind1=" " ind2=" " tag="260"><subfield code="a">Berlin, Technische Universitat Berlin, 1966, 115 P</subfield></datafield><datafield ind1=" " ind2=" " tag="852"><subfield code="a">25002</subfield></datafield></record></collection>